<record><leader>00000cas a22000007a 4500</leader><controlfield tag="001">12059722</controlfield><controlfield tag="008">850521d1888192unyuwr ne      0    0eng d</controlfield><datafield ind1=" " ind2=" " tag="010"><subfield code="a">sn 85054489 </subfield></datafield><datafield ind1=" " ind2=" " tag="040"><subfield code="a">NYG</subfield><subfield code="b">eng</subfield><subfield code="c">NYG</subfield><subfield code="d">NPH</subfield><subfield code="d">NYG</subfield><subfield code="d">NYS</subfield><subfield code="d">OCLCQ</subfield><subfield code="d">OCLCF</subfield><subfield code="d">OCLCO</subfield></datafield><datafield ind1=" " ind2=" " tag="042"><subfield code="a">msc</subfield></datafield><datafield ind1=" " ind2=" " tag="043"><subfield code="a">n-us-ny</subfield></datafield><datafield ind1="0" ind2="4" tag="082"><subfield code="a">974.779</subfield></datafield><datafield ind1="0" ind2=" " tag="130"><subfield code="a">Elmira telegram (Elmira, N.Y. : Elmira ed.)</subfield></datafield><datafield ind1="1" ind2="0" tag="245"><subfield code="a">Elmira telegram.</subfield></datafield><datafield ind1="3" ind2="0" tag="246"><subfield code="a">Telegram</subfield></datafield><datafield ind1=" " ind2=" " tag="250"><subfield code="a">[Elmira ed.].</subfield></datafield><datafield ind1=" " ind2=" " tag="260"><subfield code="a">Elmira, N.Y. :</subfield><subfield code="b">Telegram Co.,</subfield><subfield code="c">1888-</subfield></datafield><datafield ind1=" " ind2=" " tag="300"><subfield code="a">v. :</subfield><subfield code="b">ill.</subfield></datafield><datafield ind1=" " ind2=" " tag="310"><subfield code="a">Weekly</subfield></datafield><datafield ind1="0" ind2=" " tag="362"><subfield code="a">Vol. 9, no. 45 (Mar. 4, 1888)-</subfield></datafield><datafield ind1=" " ind2=" " tag="500"><subfield code="a">"Clubbed with the Albany telegram" appears in masthead, &lt;July 6, Nov. 2 &amp; Dec. 14, 1890&gt;; &lt;May 30 &amp; July 5, 1891&gt;.</subfield></datafield><datafield ind1=" " ind2=" " tag="500"><subfield code="a">Issued as: The Telegram, &lt;May 28, 1892&gt;.</subfield></datafield><datafield ind1=" " ind2=" " tag="500"><subfield code="a">Published a Scranton, Pa. edition, &lt;Jan. 4, 1903-Sept. 3, 1905&gt;.</subfield></datafield><datafield ind1=" " ind2=" " tag="500"><subfield code="a">"City ed." statement appears on page 1, &lt;Jan. 29, 1905&gt;.</subfield></datafield><datafield ind1=" " ind2=" " tag="530"><subfield code="a">Available on microfilm from Micro Photo Division, Bell and Howell.</subfield></datafield><datafield ind1=" " ind2=" " tag="580"><subfield code="a">Binghamton ed.: Elmira telegram (Elmira, N.Y. : Binghamton ed.).</subfield></datafield><datafield ind1=" " ind2="0" tag="651"><subfield code="a">Elmira (N.Y.)</subfield><subfield code="v">Newspapers.</subfield></datafield><datafield ind1=" " ind2="7" tag="655"><subfield code="a">Newspapers.</subfield><subfield code="2">fast</subfield><subfield code="0">(OCoLC)fst01423814</subfield></datafield><datafield ind1=" " ind2="7" tag="651"><subfield code="a">New York (State)</subfield><subfield code="z">Elmira.</subfield><subfield code="2">fast</subfield><subfield code="0">(OCoLC)fst01214392</subfield></datafield><datafield ind1=" " ind2=" " tag="752"><subfield code="a">United States</subfield><subfield code="b">New York</subfield><subfield code="c">Chemung</subfield><subfield code="d">Elmira.</subfield></datafield><datafield ind1="1" ind2=" " tag="775"><subfield code="t">Elmira telegram (Elmira, N.Y. : Binghamton ed.)</subfield><subfield code="w">(DLC)sn 91066178</subfield><subfield code="w">(OCoLC)23232060</subfield></datafield><datafield ind1="0" ind2=" " tag="775"><subfield code="t">Albany telegram</subfield><subfield code="w">(DLC)sn 89071015</subfield><subfield code="w">(OCoLC)18999138</subfield></datafield><datafield ind1="0" ind2="0" tag="780"><subfield code="t">Elmira morning telegram</subfield><subfield code="w">(DLC)sn 85054488</subfield></datafield><datafield ind1="0" ind2="4" tag="785"><subfield code="t">Elmira star-gazette</subfield><subfield code="w">(DLC)sn 84031247</subfield></datafield></record>